<?xml version="1.0" encoding="UTF-8"?><record xmlns="http://www.loc.gov/MARC21/slim" xmlns:cinclude="http://apache.org/cocoon/include/1.0" xmlns:zs="http://www.loc.gov/zing/srw/">
  <leader>00401nz  a2200133n  4500</leader>
  <controlfield tag="001">no2003091497</controlfield>
  <controlfield tag="003">DLC</controlfield>
  <controlfield tag="005">20030913071011.0</controlfield>
  <controlfield tag="008">030912n| acannaabn          |n aaa     c</controlfield>
  <datafield tag="010" ind1=" " ind2=" ">
    <subfield code="a">no2003091497</subfield>
  </datafield>
  <datafield tag="035" ind1=" " ind2=" ">
    <subfield code="a">(OCoLC)oca06151209</subfield>
  </datafield>
  <datafield tag="040" ind1=" " ind2=" ">
    <subfield code="a">NBuU</subfield>
    <subfield code="b">eng</subfield>
    <subfield code="c">NBuU</subfield>
  </datafield>
  <datafield tag="100" ind1="1" ind2=" ">
    <subfield code="a">Kuhlmann, Franz</subfield>
  </datafield>
  <datafield tag="670" ind1=" " ind2=" ">
    <subfield code="a">Die AbhaĚngigkeit des Verkehrsaufkommens von der konjunkturellen Entwicklung, 1965:</subfield>
    <subfield code="b">t.p. (Franz Kuhlmann)</subfield>
  </datafield>
</record>